@article{clive1971illustrated,
  title={An illustrated series of assessment keys for plant diseases, their preparation and usage},
  author={Clive, JW},
  journal={Edit. WL Seaman. Can. Plant Dis. Surv},
  volume={51},
  pages={2},
  year={1971}
}

@article{james1980economic,
  title={Economic, social and political implications of crop losses; a holistic framework for loss assessments in agriculture systems},
  author={James, CW},
  journal={Crop loss assessment, eds. PS Teng and SV Krupa. Univ. Minn. Agric. Exp. Stn. Misc. Publ},
  pages={10--16},
  year={1980}
}

@article{bock2010plant,
  title={Plant disease severity estimated visually, by digital photography and image analysis, and by hyperspectral imaging},
  author={Bock, CH and Poole, GH and Parker, PE and Gottwald, TR},
  journal={Critical Reviews in Plant Sciences},
  volume={29},
  number={2},
  pages={59--107},
  year={2010},
  publisher={Taylor \& Francis}
}

@inproceedings{weizheng2008grading,
  title={Grading method of leaf spot disease based on image processing},
  author={Weizheng, Shen and Yachun, Wu and Zhanliang, Chen and Hongda, Wei},
  booktitle={2008 international conference on computer science and software engineering},
  volume={6},
  pages={491--494},
  year={2008},
  organization={IEEE}
}

@article{dey2016image,
  title={Image processing based leaf rot disease, detection of betel vine (Piper BetleL.)},
  author={Dey, Amar Kumar and Sharma, Manisha and Meshram, MR},
  journal={Procedia Computer Science},
  volume={85},
  pages={748--754},
  year={2016},
  publisher={Elsevier}
}

@article{pujari2015image,
  title={Image processing based detection of fungal diseases in plants},
  author={Pujari, Jagadeesh D and Yakkundimath, Rajesh and Byadgi, Abdulmunaf S},
  journal={Procedia Computer Science},
  volume={46},
  pages={1802--1808},
  year={2015},
  publisher={Elsevier}
}

@article{gonzalez2004richard,
  title={Richard E. woods and Steven L. Eddins},
  author={Gonzalez, Rafael C},
  journal={Digital Image Processing using MATLAB, Pearson Education, Dorling Kindersley, South Asia},
  year={2004}
}

@article{kulkarni2012applying,
  title={Applying image processing technique to detect plant diseases},
  author={Kulkarni, Anand H and Patil, Ashwin},
  journal={International Journal of Modern Engineering Research},
  volume={2},
  number={5},
  pages={3661--3664},
  year={2012},
  publisher={Citeseer}
}

@article{naikwadi2013advances,
  title={Advances in image processing for detection of plant diseases},
  author={Naikwadi, S and Amoda, N},
  journal={International journal of application or innovation in engineering \& management (IJAIEM)},
  volume={2},
  number={11},
  year={2013}
}

@article{al2011fast,
  title={Fast and accurate detection and classification of plant diseases},
  author={Al-Hiary, Heba and Bani-Ahmad, Sulieman and Reyalat, M and Braik, Malik and ALRahamneh, Zainab},
  journal={International Journal of Computer Applications},
  volume={17},
  number={1},
  pages={31--38},
  year={2011},
  publisher={Citeseer}
}

@article{arivazhagan2013detection,
  title={Detection of unhealthy region of plant leaves and classification of plant leaf diseases using texture features},
  author={Arivazhagan, Sai and Shebiah, R Newlin and Ananthi, S and Varthini, S Vishnu},
  journal={Agricultural Engineering International: CIGR Journal},
  volume={15},
  number={1},
  pages={211--217},
  year={2013}
}

@article{golhani2018review,
  title={A review of neural networks in plant disease detection using hyperspectral data},
  author={Golhani, Kamlesh and Balasundram, Siva K and Vadamalai, Ganesan and Pradhan, Biswajeet},
  journal={Information Processing in Agriculture},
  year={2018},
  publisher={Elsevier}
}

% Encoding: UTF-8

@article{singh2017detection,
  title={Detection of plant leaf diseases using image segmentation and soft computing techniques},
  author={Singh, Vijai and Misra, Ak K},
  journal={Information processing in Agriculture},
  volume={4},
  number={1},
  pages={41--49},
  year={2017},
  publisher={Elsevier}
}

@article{janwale2017plant,
  author = {Janwale, A},
  year = {2017},
  month = {06},
  pages = {147-150},
  title = {Plant Leaves Image Segmentation Techniques: A Review},
  volume = {5},
  journal = {International Journal of Computer Sciences and Engineering}
}

@article{anantrasirichai2017automatic,
  title={Automatic Leaf Extraction from Outdoor Images},
  author={Anantrasirichai, Nantheera and Hannuna, Sion and Canagarajah, Nishan},
  journal={arXiv preprint arXiv:1709.06437},
  year={2017}
}

@inproceedings{tang2009leaf,
  title={Leaf extraction from complicated background},
  author={Tang, Xiaodong and Liu, Manhua and Zhao, Hui and Tao, Wei},
  booktitle={2009 2nd International Congress on Image and Signal Processing},
  pages={1--5},
  year={2009},
  organization={IEEE}
}

@article{nilsson1995remote,
  title={Remote sensing and image analysis in plant pathology},
  author={Nilsson, H},
  journal={Annual review of phytopathology},
  volume={33},
  number={1},
  pages={489--528},
  year={1995},
  publisher={Annual Reviews 4139 El Camino Way, PO Box 10139, Palo Alto, CA 94303-0139, USA}
}

@article{patil2011leaf,
  title={Leaf disease severity measurement using image processing},
  author={Patil, Sanjay B and Bodhe, Shrikant K},
  journal={International Journal of Engineering and Technology},
  volume={3},
  number={5},
  pages={297--301},
  year={2011}
}

@article{zaitoun2015survey,
  title={Survey on image segmentation techniques},
  author={Zaitoun, Nida M and Aqel, Musbah J},
  journal={Procedia Computer Science},
  volume={65},
  pages={797--806},
  year={2015},
  publisher={Elsevier}
}

@article{zack1977automatic,
  title={Automatic measurement of sister chromatid exchange frequency.},
  author={Zack, GW and Rogers, WE and Latt, SA},
  journal={Journal of Histochemistry \& Cytochemistry},
  volume={25},
  number={7},
  pages={741--753},
  year={1977},
  publisher={SAGE Publications Sage CA: Los Angeles, CA}
}

@inproceedings{priya2012efficient,
  title={An efficient leaf recognition algorithm for plant classification using support vector machine},
  author={Priya, C Arun and Balasaravanan, T and Thanamani, Antony Selvadoss},
  booktitle={International conference on pattern recognition, informatics and medical engineering (PRIME-2012)},
  pages={428--432},
  year={2012},
  organization={IEEE}
}

@inproceedings{harish2013classification,
  title={Classification of plant leaves using Morphological features and Zernike moments},
  author={Harish, BS and Hedge, Aditi and Venkatesh, OmPriya and Spoorthy, DG and Sushma, D},
  booktitle={2013 international conference on advances in computing, communications and informatics (ICACCI)},
  pages={1827--1831},
  year={2013},
  organization={IEEE}
}

@article{singh2010svm,
  title={Svm-bdt pnn and fourier moment technique for classification of leaf shape},
  author={Singh, Krishna and Gupta, Indra and Gupta, Sangeeta},
  journal={International Journal of Signal Processing, Image Processing and Pattern Recognition},
  volume={3},
  number={4},
  pages={67--78},
  year={2010}
}

@article{athanikar2016potato,
  title={Potato leaf diseases detection and classification system},
  author={Athanikar, G and Badar, P},
  journal={International Journal of Computer Science and Mobile Computing},
  volume={5},
  number={2},
  pages={76--88},
  year={2016}
}

@article{ojala2002multiresolution,
  title={Multiresolution gray-scale and rotation invariant texture classification with local binary patterns},
  author={Ojala, Timo and Pietik{\"a}inen, Matti and M{\"a}enp{\"a}{\"a}, Topi},
  journal={IEEE Transactions on Pattern Analysis \& Machine Intelligence},
  number={7},
  pages={971--987},
  year={2002},
  publisher={IEEE}
}

@article{haralick1973textural,
  title={Textural features for image classification},
  author={Haralick, Robert M and Shanmugam, Karthikeyan and Dinstein, Its' Hak},
  journal={IEEE Transactions on systems, man, and cybernetics},
  number={6},
  pages={610--621},
  year={1973},
  publisher={Ieee}
}

@inproceedings{mata2015texture,
  title={A texture and curvature bimodal leaf recognition model for identification of costa rican plant species},
  author={Mata-Montero, Erick and Carranza-Rojas, Jose},
  booktitle={2015 Latin American Computing Conference (CLEI)},
  pages={1--12},
  year={2015},
  organization={IEEE}
}

@inproceedings{kumar2012leafsnap,
  title={Leafsnap: A computer vision system for automatic plant species identification},
  author={Kumar, Neeraj and Belhumeur, Peter N and Biswas, Arijit and Jacobs, David W and Kress, W John and Lopez, Ida C and Soares, Jo{\~a}o VB},
  booktitle={European Conference on Computer Vision},
  pages={502--516},
  year={2012},
  organization={Springer}
}

@article{mohanty2016using,
  title={Using deep learning for image-based plant disease detection},
  author={Mohanty, Sharada P and Hughes, David P and Salath\'e, Marcel},
  journal={Frontiers in plant science},
  volume={7},
  pages={1419},
  year={2016},
  publisher={Frontiers}
}

@article{wu2004probability,
  title={Probability estimates for multi-class classification by pairwise coupling},
  author={Wu, Ting-Fan and Lin, Chih-Jen and Weng, Ruby C},
  journal={Journal of Machine Learning Research},
  volume={5},
  number={Aug},
  pages={975--1005},
  year={2004}
}

@incollection{knerr1990single,
  title={Single-layer learning revisited: a stepwise procedure for building and training a neural network},
  author={Knerr, Stefan and Personnaz, L{\'e}on and Dreyfus, G{\'e}rard},
  booktitle={Neurocomputing},
  pages={41--50},
  year={1990},
  publisher={Springer}
}

@article{otsu1979threshold,
  title={A threshold selection method from gray-level histograms},
  author={Otsu, Nobuyuki},
  journal={IEEE transactions on systems, man, and cybernetics},
  volume={9},
  number={1},
  pages={62--66},
  year={1979},
  publisher={IEEE}
}

@article{vala2013review,
  title={A review on Otsu image segmentation algorithm},
  author={Vala, Hetal J and Baxi, Astha},
  journal={International Journal of Advanced Research in Computer Engineering \& Technology (IJARCET)},
  volume={2},
  number={2},
  pages={387--389},
  year={2013}
}

@article{alsabti1997efficient,
  title={An efficient k-means clustering algorithm},
  author={Alsabti, Khaled and Ranka, Sanjay and Singh, Vineet},
  year={1997}
}

@misc{beucher1979international,
  title={International Workshop on Image Processing: Real-time Edge and Motion Detection/Estimation},
  author={Beucher, S and Lantuejoul, C},
  year={1979},
  publisher={Rennes, France}
}

@article{greig1989exact,
  title={Exact maximum a posteriori estimation for binary images},
  author={Greig, Dorothy M and Porteous, Bruce T and Seheult, Allan H},
  journal={Journal of the Royal Statistical Society: Series B (Methodological)},
  volume={51},
  number={2},
  pages={271--279},
  year={1989},
  publisher={Wiley Online Library}
}

@inproceedings{janecek2008relationship,
  title={On the relationship between feature selection and classification accuracy},
  author={Janecek, Andreas and Gansterer, Wilfried and Demel, Michael and Ecker, Gerhard},
  booktitle={New challenges for feature selection in data mining and knowledge discovery},
  pages={90--105},
  year={2008}
}

@inproceedings{howley2005effect,
  title={The effect of principal component analysis on machine learning accuracy with high dimensional spectral data},
  author={Howley, Tom and Madden, Michael G and O’Connell, Marie-Louise and Ryder, Alan G},
  booktitle={International Conference on Innovative Techniques and Applications of Artificial Intelligence},
  pages={209--222},
  year={2005},
  organization={Springer}
}

@Comment{jabref-meta: databaseType:bibtex;}


%http://www.scielo.edu.uy/scielo.php?script=sci_arttext&pid=S0717-50002016000100007

%####################################################################################
% MASTERS

@inproceedings{simard2003best,
  title={Best practices for convolutional neural networks applied to visual document analysis.},
  author={Simard, Patrice Y and Steinkraus, David and Platt, John C and others},
  booktitle={Icdar},
  volume={3},
  year={2003}
}

@article{simonyan2014very,
  title={Very deep convolutional networks for large-scale image recognition},
  author={Simonyan, Karen and Zisserman, Andrew},
  journal={arXiv preprint arXiv:1409.1556},
  year={2014}
}

@article{bengio1994learning,
  title={Learning long-term dependencies with gradient descent is difficult},
  author={Bengio, Yoshua and Simard, Patrice and Frasconi, Paolo},
  journal={IEEE transactions on neural networks},
  volume={5},
  number={2},
  pages={157--166},
  year={1994},
  publisher={IEEE}
}

@inproceedings{he2016deep,
  title={Deep residual learning for image recognition},
  author={He, Kaiming and Zhang, Xiangyu and Ren, Shaoqing and Sun, Jian},
  booktitle={Proceedings of the IEEE conference on computer vision and pattern recognition},
  pages={770--778},
  year={2016}
}

@book{ripley2007pattern,
  title={Pattern recognition and neural networks},
  author={Ripley, Brian D},
  year={2007},
  publisher={Cambridge university press}
}

@book{cherkassky2007learning,
  title={Learning from data: concepts, theory, and methods},
  author={Cherkassky, Vladimir and Mulier, Filip M},
  year={2007},
  publisher={John Wiley \& Sons}
}

@article{domingos2012few,
  title={A few useful things to know about machine learning},
  author={Domingos, Pedro},
  journal={Communications of the ACM},
  volume={55},
  number={10},
  pages={78--87},
  year={2012},
  publisher={ACM New York, NY, USA}
}

@article{russakovsky2015imagenet,
  title={Imagenet large scale visual recognition challenge},
  author={Russakovsky, Olga and Deng, Jia and Su, Hao and Krause, Jonathan and Satheesh, Sanjeev and Ma, Sean and Huang, Zhiheng and Karpathy, Andrej and Khosla, Aditya and Bernstein, Michael and others},
  journal={International journal of computer vision},
  volume={115},
  number={3},
  pages={211--252},
  year={2015},
  publisher={Springer}
}

@inproceedings{szegedy2015going,
  title={Going deeper with convolutions},
  author={Szegedy, Christian and Liu, Wei and Jia, Yangqing and Sermanet, Pierre and Reed, Scott and Anguelov, Dragomir and Erhan, Dumitru and Vanhoucke, Vincent and Rabinovich, Andrew},
  booktitle={Proceedings of the IEEE conference on computer vision and pattern recognition},
  pages={1--9},
  year={2015}
}

@article{nouri2018near,
  title={Near infrared hyperspectral dataset of healthy and infected apple tree leaves images for the early detection of apple scab disease},
  author={Nouri, Maroua and Gorretta, Nathalie and Vaysse, Pierre and Giraud, Michel and Germain, Christian and Keresztes, Barna and Roger, Jean-Michel},
  journal={Data in brief},
  volume={16},
  pages={967--971},
  year={2018},
  publisher={Elsevier}
}
%%%%%%%%%%%%%%%%%%%%%%%%%%%%%%%SUUUUUPER GOOD REFERENCE LIST
@article{khaled2018early,
  title={Early detection of diseases in plant tissue using spectroscopy--applications and limitations},
  author={Khaled, Alfadhl Yahya and Abd Aziz, Samsuzana and Bejo, Siti Khairunniza and Nawi, Nazmi Mat and Seman, Idris Abu and Onwude, Daniel Iroemeha},
  journal={Applied Spectroscopy Reviews},
  volume={53},
  number={1},
  pages={36--64},
  year={2018},
  publisher={Taylor \& Francis}
}

@article{lopez2003innovative,
  title={Innovative tools for detection of plant pathogenic viruses and bacteria},
  author={L{\'o}pez, Mar{\'\i}a M and Bertolini, Edson and Olmos, Antonio and Caruso, Paola and Gorris, Mar{\'\i}a Teresa and Llop, Pablo and Penyalver, Ramon and Cambra, Mariano},
  journal={International Microbiology},
  volume={6},
  number={4},
  pages={233--243},
  year={2003},
  publisher={Springer}
}

@book{pavia2014introduction,
  title={Introduction to spectroscopy},
  author={Pavia, Donald L and Lampman, Gary M and Kriz, George S and Vyvyan, James A},
  year={2014},
  publisher={Cengage learning}
}

@book{sun2009infrared,
  title={Infrared spectroscopy for food quality analysis and control},
  author={Sun, Da-Wen},
  year={2009},
  publisher={Academic press}
}

@article{sims2002relationships,
  title={Relationships between leaf pigment content and spectral reflectance across a wide range of species, leaf structures and developmental stages},
  author={Sims, Daniel A and Gamon, John A},
  journal={Remote sensing of environment},
  volume={81},
  number={2-3},
  pages={337--354},
  year={2002},
  publisher={Elsevier}
}

@article{amthor2010sunlight,
  title={From sunlight to phytomass: on the potential efficiency of converting solar radiation to phyto-energy},
  author={Amthor, Jeffrey S},
  journal={New Phytologist},
  volume={188},
  number={4},
  pages={939--959},
  year={2010},
  publisher={Wiley Online Library}
}

@article{blackburn2008retrieval,
  title={Retrieval of chlorophyll concentration from leaf reflectance spectra using wavelet analysis},
  author={Blackburn, George Alan and Ferwerda, Jelle Garke},
  journal={Remote Sensing of Environment},
  volume={112},
  number={4},
  pages={1614--1632},
  year={2008},
  publisher={Elsevier}
}

@article{carter2001leaf,
  title={Leaf optical properties in higher plants: linking spectral characteristics to stress and chlorophyll concentration},
  author={Carter, Gregory A and Knapp, Alan K},
  journal={American journal of botany},
  volume={88},
  number={4},
  pages={677--684},
  year={2001},
  publisher={Wiley Online Library}
}

@article{dean2005genome,
  title={The genome sequence of the rice blast fungus Magnaporthe grisea},
  author={Dean, Ralph A and Talbot, Nicholas J and Ebbole, Daniel J and Farman, Mark L and Mitchell, Thomas K and Orbach, Marc J and Thon, Michael and Kulkarni, Resham and Xu, Jin-Rong and Pan, Huaqin and others},
  journal={Nature},
  volume={434},
  number={7036},
  pages={980--986},
  year={2005},
  publisher={Nature Publishing Group}
}

@article{zamanian2005electromagnetic,
  title={Electromagnetic radiation and human health: A review of sources and effects},
  author={Zamanian, Ali and Hardiman, CJHFE},
  journal={High Frequency Electronics},
  volume={4},
  number={3},
  pages={16--26},
  year={2005},
  publisher={Summit Technical Media}
}

@article{yang2013early,
  title={The early diagnosis and fast detection of blast fungus, Magnaporthe grisea, in rice plant by using its chitinase as biochemical marker and a rice cDNA encoding mannose-binding lectin as recognition probe},
  author={Yang, WeiJuan and Chen, JingHua and Chen, GuoNan and Wang, ShiHua and Fu, FengFu},
  journal={Biosensors and Bioelectronics},
  volume={41},
  pages={820--826},
  year={2013},
  publisher={Elsevier}
}

@article{martinelli2015advanced,
  title={Advanced methods of plant disease detection. A review},
  author={Martinelli, Federico and Scalenghe, Riccardo and Davino, Salvatore and Panno, Stefano and Scuderi, Giuseppe and Ruisi, Paolo and Villa, Paolo and Stroppiana, Daniela and Boschetti, Mirco and Goulart, Luiz R and others},
  journal={Agronomy for Sustainable Development},
  volume={35},
  number={1},
  pages={1--25},
  year={2015},
  publisher={Springer}
}

@book{navulur2006multispectral,
  title={Multispectral image analysis using the object-oriented paradigm},
  author={Navulur, Kumar},
  year={2006},
  publisher={CRC press}
}

@article{xu2007near,
  title={Near-infrared spectroscopy in detecting leaf miner damage on tomato leaf},
  author={Xu, HR and Ying, YB and Fu, XP and Zhu, SP},
  journal={Biosystems Engineering},
  volume={96},
  number={4},
  pages={447--454},
  year={2007},
  publisher={Elsevier}
}

@article{ausmus1971reflectance,
  title={Reflectance studies of healthy, maize dwarf mosaic virus-infected, and Helminthosporium maydis-infected corn leaves},
  author={Ausmus, Beverly S and Hilty, James W},
  journal={Remote Sensing of Environment},
  volume={2},
  pages={77--81},
  year={1971},
  publisher={Elsevier}
}

@article{malthus1993high,
  title={High resolution spectroradiometry: spectral reflectance of field bean leaves infected by Botrytis fabae},
  author={Malthus, Tim J and Madeira, Ana Carla},
  journal={Remote Sensing of Environment},
  volume={45},
  number={1},
  pages={107--116},
  year={1993},
  publisher={Elsevier}
}

@article{bravo2003early,
  title={Early disease detection in wheat fields using spectral reflectance},
  author={Bravo, Cedric and Moshou, Dimitrios and West, Jonathan and McCartney, Alastair and Ramon, Herman},
  journal={Biosystems Engineering},
  volume={84},
  number={2},
  pages={137--145},
  year={2003},
  publisher={Elsevier}
}

@article{riedell1999leaf,
  title={Leaf reflectance spectra of cereal aphid-damaged wheat},
  author={Riedell, Walter E and Blackmer, Tracy M},
  journal={Crop Science},
  volume={39},
  number={6},
  pages={1835--1840},
  year={1999},
  publisher={Wiley Online Library}
}

@article{alom2019state,
  title={A state-of-the-art survey on deep learning theory and architectures},
  author={Alom, Md Zahangir and Taha, Tarek M and Yakopcic, Chris and Westberg, Stefan and Sidike, Paheding and Nasrin, Mst Shamima and Hasan, Mahmudul and Van Essen, Brian C and Awwal, Abdul AS and Asari, Vijayan K},
  journal={Electronics},
  volume={8},
  number={3},
  pages={292},
  year={2019},
  publisher={Multidisciplinary Digital Publishing Institute}
}

@inproceedings{chouhan2019data,
  title={A data repository of leaf images: Practice towards plant conservation with plant pathology},
  author={Chouhan, Siddharth Singh and Singh, Uday Pratap and Kaul, Ajay and Jain, Sanjeev},
  booktitle={2019 4th International Conference on Information Systems and Computer Networks (ISCON)},
  pages={700--707},
  year={2019},
  organization={IEEE}
}

@article{li2016efficient,
  title={Efficient hyperparameter optimization and infinitely many armed bandits},
  author={Li, Lisha and Jamieson, Kevin G and DeSalvo, Giulia and Rostamizadeh, Afshin and Talwalkar, Ameet},
  journal={CoRR, abs/1603.06560},
  volume={16},
  year={2016}
}

@article{schaare2000comparison,
  title={Comparison of reflectance, interactance and transmission modes of visible-near infrared spectroscopy for measuring internal properties of kiwifruit (Actinidia chinensis)},
  author={Schaare, PN and Fraser, DG},
  journal={Postharvest Biology and Technology},
  volume={20},
  number={2},
  pages={175--184},
  year={2000},
  publisher={Elsevier}
}

@article{mignone2011more,
  title={More than meets the eye: the electromagnetic spectrum},
  author={Mignone, Claudia and Barnes, Rebecca},
  journal={Science in School},
  volume={20},
  pages={51--59},
  year={2011},
  publisher={Citeseer}
}

@article{DBLP:journals/corr/HughesS15,
  author    = {David P. Hughes and
               Marcel Salath\'e},
  title     = {An open access repository of images on plant health to enable the
               development of mobile disease diagnostics through machine
               learning and crowdsourcing},
  journal   = {CoRR},
  volume    = {abs/1511.08060},
  year      = {2015},
  url       = {http://arxiv.org/abs/1511.08060},
  archivePrefix = {arXiv},
  eprint    = {1511.08060},
  timestamp = {Mon, 13 Aug 2018 16:48:21 +0200},
  biburl    = {https://dblp.org/rec/bib/journals/corr/HughesS15},
  bibsource = {dblp computer science bibliography, https://dblp.org}
}

@article{Rogachev_2020,
	doi = {10.1088/1755-1315/577/1/012012},
	url = {https://doi.org/10.1088/1755-1315/577/1/012012},
	year = 2020,
	month = {oct},
	publisher = {{IOP} Publishing},
	volume = {577},
	pages = {012012},
	author = {A F Rogachev and E V Melikhova},
	title = {Automation of the process of selecting hyperparameters for artificial neural networks for processing retrospective text information},
	journal = {{IOP} Conference Series: Earth and Environmental Science}
}

@inproceedings{jamieson2016non,
  title={Non-stochastic best arm identification and hyperparameter optimization},
  author={Jamieson, Kevin and Talwalkar, Ameet},
  booktitle={Artificial Intelligence and Statistics},
  pages={240--248},
  year={2016},
  organization={PMLR}
}

@article{jimenez2009finding,
  title={Finding optimal model parameters by deterministic and annealed focused grid search},
  author={Jim{\'e}nez, {\'A}lvaro Barbero and L{\'a}zaro, Jorge L{\'o}pez and Dorronsoro, Jos{\'e} R},
  journal={Neurocomputing},
  volume={72},
  number={13-15},
  pages={2824--2832},
  year={2009},
  publisher={Elsevier}
}

@article{huang2007model,
  title={Model selection for support vector machines via uniform design},
  author={Huang, Chien-Ming and Lee, Yuh-Jye and Lin, Dennis KJ and Huang, Su-Yun},
  journal={Computational Statistics \& Data Analysis},
  volume={52},
  number={1},
  pages={335--346},
  year={2007},
  publisher={Elsevier}
}

@misc{omalley2019kerastuner,
	title        = {Keras Tuner},
	author       = {O'Malley, Tom and Bursztein, Elie and Long, James and Chollet, Fran\c{c}ois and Jin, Haifeng and Invernizzi, Luca and others},
	year         = 2019,
	howpublished = {\url{https://github.com/keras-team/keras-tuner}}
}

@article{bergstra2012random,
  title={Random search for hyper-parameter optimization.},
  author={Bergstra, James and Bengio, Yoshua},
  journal={Journal of machine learning research},
  volume={13},
  number={2},
  year={2012}
}

@article{snoek2012practical,
  title={Practical bayesian optimization of machine learning algorithms},
  author={Snoek, Jasper and Larochelle, Hugo and Adams, Ryan P},
  journal={Advances in neural information processing systems},
  volume={25},
  year={2012}
}

@inproceedings{falkner2017combining,
  title={Combining hyperband and bayesian optimization},
  author={Falkner, Stefan and Klein, Aaron and Hutter, Frank},
  booktitle={NIPS 2017 Bayesian Optimization Workshop (Dec 2017)},
  year={2017}
}

@article{jones2001taxonomy,
  title={A taxonomy of global optimization methods based on response surfaces},
  author={Jones, Donald R},
  journal={Journal of global optimization},
  volume={21},
  number={4},
  pages={345--383},
  year={2001},
  publisher={Springer}
}

@article{mockus1978application,
  title={The application of Bayesian methods for seeking the extremum},
  author={Mockus, Jonas and Tiesis, Vytautas and Zilinskas, Antanas},
  journal={Towards global optimization},
  volume={2},
  number={117-129},
  pages={2},
  year={1978}
}

@incollection{cunningham2008supervised,
  title={Supervised learning},
  author={Cunningham, P{\'a}draig and Cord, Matthieu and Delany, Sarah Jane},
  booktitle={Machine learning techniques for multimedia},
  pages={21--49},
  year={2008},
  publisher={Springer}
}

@book{anderson1995introduction,
  title={An introduction to neural networks},
  author={Anderson, James A},
  year={1995},
  publisher={MIT press}
}

@inproceedings{guo2017simple,
  title={Simple convolutional neural network on image classification},
  author={Guo, Tianmei and Dong, Jiwen and Li, Henjian and Gao, Yunxing},
  booktitle={2017 IEEE 2nd International Conference on Big Data Analysis (ICBDA)},
  pages={721--724},
  year={2017},
  organization={IEEE}
}

@inproceedings{albawi2017understanding,
  title={Understanding of a convolutional neural network},
  author={Albawi, Saad and Mohammed, Tareq Abed and Al-Zawi, Saad},
  booktitle={2017 International Conference on Engineering and Technology (ICET)},
  pages={1--6},
  year={2017},
  organization={IEEE}
}

@inproceedings{tan2019efficientnet,
  title={Efficientnet: Rethinking model scaling for convolutional neural networks},
  author={Tan, Mingxing and Le, Quoc},
  booktitle={International Conference on Machine Learning},
  pages={6105--6114},
  year={2019},
  organization={PMLR}
}

@article{krizhevsky2012imagenet,
  title={Imagenet classification with deep convolutional neural networks},
  author={Krizhevsky, Alex and Sutskever, Ilya and Hinton, Geoffrey E},
  journal={Advances in neural information processing systems},
  volume={25},
  pages={1097--1105},
  year={2012}
}

@inproceedings{huang2017densely,
  title={Densely connected convolutional networks},
  author={Huang, Gao and Liu, Zhuang and Van Der Maaten, Laurens and Weinberger, Kilian Q},
  booktitle={Proceedings of the IEEE conference on computer vision and pattern recognition},
  pages={4700--4708},
  year={2017}
}

@article{lecun1998gradient,
  title={Gradient-based learning applied to document recognition},
  author={LeCun, Yann and Bottou, L{\'e}on and Bengio, Yoshua and Haffner, Patrick},
  journal={Proceedings of the IEEE},
  volume={86},
  number={11},
  pages={2278--2324},
  year={1998},
  publisher={Ieee}
}

@inproceedings{zeiler2014visualizing,
  title={Visualizing and understanding convolutional networks},
  author={Zeiler, Matthew D and Fergus, Rob},
  booktitle={European conference on computer vision},
  pages={818--833},
  year={2014},
  organization={Springer}
}

@inproceedings{ranzato2007unsupervised,
  title={Unsupervised learning of invariant feature hierarchies with applications to object recognition},
  author={Ranzato, Marc'Aurelio and Huang, Fu Jie and Boureau, Y-Lan and LeCun, Yann},
  booktitle={2007 IEEE conference on computer vision and pattern recognition},
  pages={1--8},
  year={2007},
  organization={IEEE}
}

@article{khan2020survey,
  title={A survey of the recent architectures of deep convolutional neural networks},
  author={Khan, Asifullah and Sohail, Anabia and Zahoora, Umme and Qureshi, Aqsa Saeed},
  journal={Artificial Intelligence Review},
  volume={53},
  number={8},
  pages={5455--5516},
  year={2020},
  publisher={Springer}
}

@inproceedings{thornton2013auto,
  title={Auto-WEKA: Combined selection and hyperparameter optimization of classification algorithms},
  author={Thornton, Chris and Hutter, Frank and Hoos, Holger H and Leyton-Brown, Kevin},
  booktitle={Proceedings of the 19th ACM SIGKDD international conference on Knowledge discovery and data mining},
  pages={847--855},
  year={2013}
}

@article{krizhevsky2009learning,
  title={Learning multiple layers of features from tiny images},
  author={Krizhevsky, Alex and Hinton, Geoffrey and others},
  year={2009},
  journal={Master's thesis, University of Toronto},
  publisher={Citeseer}
}

@article{shorten2019survey,
  title={A survey on image data augmentation for deep learning},
  author={Shorten, Connor and Khoshgoftaar, Taghi M},
  journal={Journal of Big Data},
  volume={6},
  number={1},
  pages={1--48},
  year={2019},
  publisher={Springer}
}

@article{halevy2009unreasonable,
  title={The unreasonable effectiveness of data},
  author={Halevy, Alon and Norvig, Peter and Pereira, Fernando},
  journal={IEEE Intelligent Systems},
  volume={24},
  number={2},
  pages={8--12},
  year={2009},
  publisher={IEEE}
}

@inproceedings{ioffe2015batch,
  title={Batch normalization: Accelerating deep network training by reducing internal covariate shift},
  author={Ioffe, Sergey and Szegedy, Christian},
  booktitle={International conference on machine learning},
  pages={448--456},
  year={2015},
  organization={PMLR}
}

@article{wiesler2011convergence,
  title={A convergence analysis of log-linear training},
  author={Wiesler, Simon and Ney, Hermann},
  journal={Advances in Neural Information Processing Systems},
  volume={24},
  pages={657--665},
  year={2011},
  publisher={Citeseer}
}

@inproceedings{santurkar2018does,
  title={How does batch normalization help optimization?},
  author={Santurkar, Shibani and Tsipras, Dimitris and Ilyas, Andrew and M{\k{a}}dry, Aleksander},
  booktitle={Proceedings of the 32nd international conference on neural information processing systems},
  pages={2488--2498},
  year={2018}
}

@article{shimodaira2000improving,
  title={Improving predictive inference under covariate shift by weighting the log-likelihood function},
  author={Shimodaira, Hidetoshi},
  journal={Journal of statistical planning and inference},
  volume={90},
  number={2},
  pages={227--244},
  year={2000},
  publisher={Elsevier}
}

@article{hinton2012improving,
  title={Improving neural networks by preventing co-adaptation of feature detectors},
  author={Hinton, Geoffrey E and Srivastava, Nitish and Krizhevsky, Alex and Sutskever, Ilya and Salakhutdinov, Ruslan R},
  journal={arXiv preprint arXiv:1207.0580},
  year={2012}
}

@book{nielsen2015neural,
  title={Neural networks and deep learning},
  author={Nielsen, Michael A},
  volume={25},
  year={2015},
  publisher={Determination press San Francisco, CA}
}

@article{labach2019survey,
  title={Survey of dropout methods for deep neural networks},
  author={Labach, Alex and Salehinejad, Hojjat and Valaee, Shahrokh},
  journal={arXiv preprint arXiv:1904.13310},
  year={2019}
}

@article{srivastava2014dropout,
  title={Dropout: a simple way to prevent neural networks from overfitting},
  author={Srivastava, Nitish and Hinton, Geoffrey and Krizhevsky, Alex and Sutskever, Ilya and Salakhutdinov, Ruslan},
  journal={The journal of machine learning research},
  volume={15},
  number={1},
  pages={1929--1958},
  year={2014},
  publisher={JMLR. org}
}

@article{prechelt1998automatic,
  title={Automatic early stopping using cross validation: quantifying the criteria},
  author={Prechelt, Lutz},
  journal={Neural Networks},
  volume={11},
  number={4},
  pages={761--767},
  year={1998},
  publisher={Elsevier}
}

@article{morgan1989generalization,
  title={Generalization and parameter estimation in feedforward nets: Some experiments},
  author={Morgan, Nelson and Bourlard, Herv{\'e}},
  journal={Advances in neural information processing systems},
  volume={2},
  pages={630--637},
  year={1989}
}

@article{raskutti2014early,
  title={Early stopping and non-parametric regression: an optimal data-dependent stopping rule},
  author={Raskutti, Garvesh and Wainwright, Martin J and Yu, Bin},
  journal={The Journal of Machine Learning Research},
  volume={15},
  number={1},
  pages={335--366},
  year={2014},
  publisher={JMLR. org}
}

@article{verhoeven2017reflection,
  title={The reflection of two fields: electromagnetic radiation and its role in (aerial) imaging},
  author={Verhoeven, Geert},
  journal={AARGNews},
  volume={55},
  pages={13--18},
  year={2017},
  publisher={AARG}
}

@article{su2018multispectral,
  title={Multispectral imaging for plant food quality analysis and visualization},
  author={Su, Wen-Hao and Sun, Da-Wen},
  journal={Comprehensive reviews in food science and food safety},
  volume={17},
  number={1},
  pages={220--239},
  year={2018},
  publisher={Wiley Online Library}
}

@misc{chollet2015keras,
  title={Keras},
  author={Chollet, Fran\c{c}ois and others},
  year={2015},
  publisher={GitHub},
  howpublished={\url{https://github.com/fchollet/keras}},
}

@article{lu2021review,
  title={Review on Convolutional Neural Network (CNN) Applied to Plant Leaf Disease Classification},
  author={Lu, Jinzhu and Tan, Lijuan and Jiang, Huanyu},
  journal={Agriculture},
  volume={11},
  number={8},
  pages={707},
  year={2021},
  publisher={Multidisciplinary Digital Publishing Institute}
}

@book{jones2010remote,
  title={Remote sensing of vegetation: principles, techniques, and applications},
  author={Jones, Hamlyn G and Vaughan, Robin A},
  year={2010},
  publisher={Oxford university press}
}

@article{gitelson2003relationships,
  title={Relationships between leaf chlorophyll content and spectral reflectance and algorithms for non-destructive chlorophyll assessment in higher plant leaves},
  author={Gitelson, Anatoly A and Gritz, Yuri and Merzlyak, Mark N},
  journal={Journal of plant physiology},
  volume={160},
  number={3},
  pages={271--282},
  year={2003},
  publisher={Elsevier}
}

@article{penuelas1993reflectance,
  title={The reflectance at the 950--970 nm region as an indicator of plant water status},
  author={Pe{\~n}uelas, J and Filella, I and Biel, C and Serrano, L and Save, R},
  journal={International journal of remote sensing},
  volume={14},
  number={10},
  pages={1887--1905},
  year={1993},
  publisher={Taylor \& Francis}
}

@article{zygielbaum2009non,
  title={Non-destructive detection of water stress and estimation of relative water content in maize},
  author={Zygielbaum, Arthur I and Gitelson, Anatoly A and Arkebauer, Timothy J and Rundquist, Donald C},
  journal={Geophysical research letters},
  volume={36},
  number={12},
  year={2009},
  publisher={Wiley Online Library}
}

@inproceedings{kim2010hyperspectral,
  title={Hyperspectral image analysis for plant stress detection},
  author={Kim, Yunseop and Glenn, David M and Park, Johnny and Ngugi, Henry K and Lehman, Brian L},
  booktitle={2010 Pittsburgh, Pennsylvania, June 20-June 23, 2010},
  pages={1},
  year={2010},
  organization={American Society of Agricultural and Biological Engineers}
}

@article{pitts1993electromagnetic,
  title={The electromagnetic spectrum},
  author={Pitts, Donald G and Kleinstein, RN},
  journal={Environmental Vision. Boston, Butterworth-Heinemann},
  pages={87--135},
  year={1993}
}

@inproceedings{hussain2018study,
  title={A study on cnn transfer learning for image classification},
  author={Hussain, Mahbub and Bird, Jordan J and Faria, Diego R},
  booktitle={UK Workshop on computational Intelligence},
  pages={191--202},
  year={2018},
  organization={Springer}
}

@misc{tensorflowmodelgarden2020,
  author = {Hongkun Yu and Chen Chen and Xianzhi Du and Yeqing Li and
            Abdullah Rashwan and Le Hou and Pengchong Jin and Fan Yang and
            Frederick Liu and Jaeyoun Kim and Jing Li},
  title = {{TensorFlow Model Garden}},
  howpublished = {\url{https://github.com/tensorflow/models}},
  year = {2020}
}

@inproceedings{shruthi2019review,
  title={A review on machine learning classification techniques for plant disease detection},
  author={Shruthi, U and Nagaveni, V and Raghavendra, BK},
  booktitle={2019 5th International Conference on Advanced Computing \& Communication Systems (ICACCS)},
  pages={281--284},
  year={2019},
  organization={IEEE}
}

@article{loey2020deep,
  title={Deep learning in plant diseases detection for agricultural crops: a survey},
  author={Loey, Mohamed and ElSawy, Ahmed and Afify, Mohamed},
  journal={International Journal of Service Science, Management, Engineering, and Technology (IJSSMET)},
  volume={11},
  number={2},
  pages={41--58},
  year={2020},
  publisher={IGI Global}
}

@article{zovko2019hyperspectral,
  title={Hyperspectral remote sensing of grapevine drought stress},
  author={Zovko, Monika and {\v{Z}}ibrat, Uro{\v{s}} and Knapi{\v{c}}, Matej and Kova{\v{c}}i{\'c}, M Bubalo and Romi{\'c}, Davor},
  journal={Precision agriculture},
  volume={20},
  number={2},
  pages={335--347},
  year={2019},
  publisher={Springer}
}

@article{rawat2017deep,
  title={Deep convolutional neural networks for image classification: A comprehensive review},
  author={Rawat, Waseem and Wang, Zenghui},
  journal={Neural computation},
  volume={29},
  number={9},
  pages={2352--2449},
  year={2017},
  publisher={MIT Press}
}

@inproceedings{tan2019vanishing,
  title={Vanishing gradient mitigation with deep learning neural network optimization},
  author={Tan, Hong Hui and Lim, King Hann},
  booktitle={2019 7th international conference on smart computing \& communications (ICSCC)},
  pages={1--4},
  year={2019},
  organization={IEEE}
}

@article{dietterich1995overfitting,
  title={Overfitting and undercomputing in machine learning},
  author={Dietterich, Tom},
  journal={ACM computing surveys (CSUR)},
  volume={27},
  number={3},
  pages={326--327},
  year={1995},
  publisher={ACM New York, NY, USA}
}

@inproceedings{padol2016svm,
  title={SVM classifier based grape leaf disease detection},
  author={Padol, Pranjali B and Yadav, Anjali A},
  booktitle={2016 Conference on advances in signal processing (CASP)},
  pages={175--179},
  year={2016},
  organization={IEEE}
}

@article{sladojevic2016deep,
  title={Deep neural networks based recognition of plant diseases by leaf image classification},
  author={Sladojevic, Srdjan and Arsenovic, Marko and Anderla, Andras and Culibrk, Dubravko and Stefanovic, Darko},
  journal={Computational intelligence and neuroscience},
  volume={2016},
  year={2016},
  publisher={Hindawi}
}

@inproceedings{wallelign2018soybean,
  title={Soybean plant disease identification using convolutional neural network},
  author={Wallelign, Serawork and Polceanu, Mihai and Buche, C{\'e}dric},
  booktitle={The thirty-first international flairs conference},
  year={2018}
}

@article{ferentinos2018deep,
  title={Deep learning models for plant disease detection and diagnosis},
  author={Ferentinos, Konstantinos P},
  journal={Computers and Electronics in Agriculture},
  volume={145},
  pages={311--318},
  year={2018},
  publisher={Elsevier}
}

@article{mcnemar1947note,
  title={Note on the sampling error of the difference between correlated proportions or percentages},
  author={McNemar, Quinn},
  journal={Psychometrika},
  volume={12},
  number={2},
  pages={153--157},
  year={1947},
  publisher={Springer}
}
