@BOOK{Williams2021,
  title = {Experimental Physics},
  publisher = {Rhodes University Physics Department},
  year = {2021},
  author = {J. Williams},
  edition = {1st},
}

@BOOK{sas2020,
  title = {Signals and Systems Lecture Notes},
  publisher = {Rhodes University Physics Department},
  year = {2020},
  author = {Dino Giovannoni and Anthony Sullivan},
  edition = {191106},
}

@BOOK{Griffiths2005,
  title = {Introduction to Quantum Mechanics},
  publisher = {Pearson Prentice Hall},
  year = {2005},
  author = {D. Griffiths},
  edition = {2nd},
  owner = {Dino}
}

@BOOK{HughesHase2010,
   title =     {Measurements and their Uncertainties: A practical guide to modern error analysis},
   author =    {Ifan Hughes and Thomas Hase},
   publisher = {Oxford University Press, USA},
   isbn =      {9780199566334},
   year =      {2010},
   series =    {},
   edition =   {},
   volume =    {},
}
@ONLINE{PredatorVid,
    title = { PREDATOR - Tracker that learns and improves},
    date = {2011},
    organization = {Youtube},
    author = {Zdenek Kalal},
    url = {https://www.youtube.com/watch?v=1GhNXHCQGsM},
}

@BOOK{Wackerly2008,
   title =     {Mathematical Statistics with Applications},
   author =    {Dennis D. Wackerly and William Mendenhall and Richard L. Scheaffer},
   publisher = {Cengage Learning},
   isbn =      {0495385085,9780495385080},
   year =      {2008},
   series =    {},
   edition =   {7},
   volume =    {},
}

@BOOK{Burden2019,
  title = {Numerical Analysis},
  publisher = {Cengage},
  year = {2019},
  author = {Richard L. Burden and Douglas J. Faires and Annette M. Burden},
  edition = {10th},
}

@BOOK{Wangsness,
  title = {Electromagnetic Fields},
  publisher = {Wiley},
  year = {1986},
  isbn = {0471811866, 9780471811862},
  author = {Roald K. Wangsness},
  edition = {2nd},
}
