@article{dey2016image,
  title={Image processing based leaf rot disease, detection of betel vine (Piper BetleL.)},
  author={Dey, Amar Kumar and Sharma, Manisha and Meshram, MR},
  journal={Procedia Computer Science},
  volume={85},
  pages={748--754},
  year={2016},
  publisher={Elsevier}
}

@inproceedings{priya2012efficient,
  title={An efficient leaf recognition algorithm for plant classification using support vector machine},
  author={Priya, C Arun and Balasaravanan, T and Thanamani, Antony Selvadoss},
  booktitle={International conference on pattern recognition, informatics and medical engineering (PRIME-2012)},
  pages={428--432},
  year={2012},
  organization={IEEE}
}

@book{ripley2007pattern,
  title={Pattern recognition and neural networks},
  author={Ripley, Brian D},
  year={2007},
  publisher={Cambridge university press}
}

@misc{omalley2019kerastuner,
	title        = {Keras Tuner},
	author       = {O'Malley, Tom and Bursztein, Elie and Long, James and Chollet, Fran\c{c}ois and Jin, Haifeng and Invernizzi, Luca and others},
	year         = 2019,
	howpublished = {\url{https://github.com/keras-team/keras-tuner}}
}


@incollection{cunningham2008supervised,
  title={Supervised learning},
  author={Cunningham, P{\'a}draig and Cord, Matthieu and Delany, Sarah Jane},
  booktitle={Machine learning techniques for multimedia},
  pages={21--49},
  year={2008},
  publisher={Springer}
}


@article{mcnemar1947note,
  title={Note on the sampling error of the difference between correlated proportions or percentages},
  author={McNemar, Quinn},
  journal={Psychometrika},
  volume={12},
  number={2},
  pages={153--157},
  year={1947},
  publisher={Springer}
}